<?xml version="1.0" encoding="UTF-8"?><collection xmlns="http://www.loc.gov/MARC21/slim"><record><leader>00342nam--2200121-i-4500</leader><controlfield tag="001">000018333</controlfield><controlfield tag="002">20161230</controlfield><controlfield tag="005">20161230201032</controlfield><controlfield tag="008">060222s1000------------r-----000-0-eng-d</controlfield><datafield ind1=" " ind2=" " tag="100"><subfield code="a">Constantinescy, P., Nerescu I</subfield></datafield><datafield ind1=" " ind2=" " tag="245"><subfield code="a">Probleme de termotehnica</subfield></datafield><datafield ind1=" " ind2=" " tag="260"><subfield code="a">Bucuresti, Editura Tehnica, 1960. 590 P., 392 Fig.+ Anexa - 2 Planse</subfield></datafield><datafield ind1=" " ind2=" " tag="852"><subfield code="a">6856</subfield></datafield></record></collection>